@comment{
  An article from a journal or a magazine

  required fields: author, title, journal, year
  optional fields: volume, number, pages, month, note
}

@Article{indoor_VLC_no_LOS,
  author    =   "Esmail M.A. and Fathallah, H.A. Photon",
  title     =   "Indoor visible light communication without line of sight: investigation and performance analysis",
  journal   =   "Photonic Network Communications",
  year      =   "2015",
  volume    =   "",
  number    =   "",
  pages     =   "159-166",
  month     =   "October",
  note      =   ""
}

@Article{Dark_Light_Rises,
	author    =   "Zhao Tian, Kevin Wright† and Xia Zhou",
	title     =   "The DarkLight Rises:	Visible Light Communication in the Dark",
	journal   =   "MobiCom '16 Proceedings of the 22nd Annual International Conference on Mobile Computing and Networking",
	year      =   "2016",
	volume    =   "",
	number    =   "",
	pages     =   "2-15",
	month     =   "October",
	note      =   ""
}

@Article{Dark_VLC,
	author    =   "Zhao Tian, Kevin Wright† and Xia Zhou",
	title     =   "Lighting Up the Internet of Things with DarkVLC",
	journal   =   "HotMobile '16 Proceedings of the 17th International Workshop on Mobile Computing Systems and Applications",
	year      =   "2016",
	volume    =   "",
	number    =   "",
	pages     =   "33-38",
	month     =   "February",
	note      =   ""
}

@Article{Human_Sensing_Using_VLC,
	author    =   "Tianxing Li, Chuankai An, Zhao Tian, Andrew T. Campbell, and Xia Zhou",
	title     =   "Human Sensing Using Visible Light Communication",
	journal   =   "	MobiCom '15 Proceedings of the 21st Annual International Conference on Mobile Computing and Networking",
	year      =   "2015",
	volume    =   "",
	number    =   "",
	pages     =   "331-344",
	month     =   "September",
	note      =   ""
}

@Article{Tile_Track,
	author    =   "Miika Valtonen, Jaakko Maentuasta and Jukka Vanhala",
	title     =   "TileTrack: Capacitive Human Tracking",
	journal   =   "Pervasive Computing and Communications",
	year      =   "2009",
	volume    =   "",
	number    =   "",
	pages     =   "",
	month     =   "March",
	note      =   ""
}

@Article{WIFI_Tracking,
	author    =   "Moustafa Youssef, Matthew Mah, Ashok Agrawala",
	title     =   "Challenges: Device-free Passive Localization for Wireless Environments",
	journal   =   "MobiCom '07 Proceedings of the 13th annual ACM international conference on Mobile computing and networking",
	year      =   "2017",
	volume    =   "",
	number    =   "",
	pages     =   "222-229",
	month     =   "January",
	note      =   ""
}

@Article{PIR_Tracking,
	author    =   "P. Zappi, E. Farella, L. Benini",
	title     =   "ENHANCING THE SPATIAL RESOLUTION OF PRESENCE DETECTION IN
	A PIR BASED WIRELESS SURVEILLANCE NETWORK",
	journal   =   "Advanced Video and Signal Based Surveillance, 2007",
	year      =   "2007",
	volume    =   "",
	number    =   "",
	pages     =   "",
	month     =   "September",
	note      =   ""
}


@Article{Walk_Speed,
	author    =   "Satish Chandra, Anish K. Bharti",
	title     =   "Speed Distribution Curves for Pedestrians During Walking and Crossing",
	journal   =   "Procedia - Social and Behavioral Sciences",
	year      =   "2013",
	volume    =   "104",
	number    =   "",
	pages     =   "660-667",
	month     =   "December",
	note      =   ""
}

@Article{Ceiling_PD,
	author    =   "Mohamed Ibrahim, Viet Nguyen, Siddharth Rupavatharam, Minitha Jawahar, Marco Gruteser, Richard Howard",
	title     =   "Visible Light based Activity Sensing using Ceiling Photosensors",
	journal   =   "VLCS '16 Proceedings of the 3rd Workshop on Visible Light Communication Systems",
	year      =   "2016",
	volume    =   "",
	number    =   "",
	pages     =   "43-48",
	month     =   "October",
	note      =   ""
}

@Article{LocaLight,
	author    =   "Elena Di Lascio, Ambuj Varshney, Thiemo Voigt, Carlos Perez-Penichet",
	title     =   "LocaLight - A Battery-free Passive Localization System Using Visible Light",
	journal   =   "IPSN '16 Proceedings of the 15th International Conference on Information Processing in Sensor Networks",
	year      =   "2016",
	volume    =   "",
	number    =   "60",
	pages     =   "",
	month     =   "April",
	note      =   ""
}

@Article{Near_Field_VLS,
	author    =   "Chi Zhang, Joshua Tabor, Jialiang Zhang and Xinyu Zhang",
	title     =   "Extending Mobile Interaction Through Near-Field Visible Light Sensing",
	journal   =   "MobiCom '15 Proceedings of the 21st Annual International Conference on Mobile Computing and Networking",
	year      =   "2015",
	volume    =   "",
	number    =   "",
	pages     =   "345-357 ",
	month     =   "September",
	note      =   ""
}

@Article{Shine,
	author    =   "L. Klaver and M.A. Zuniga",
	title     =   " Shine: A Step Towards Distributed Multi-Hop Visible Light Communication",
	journal   =   "12th IEEE International Conference on Mobile Ad hoc and Sensor Systems (MASS)",
	year      =   "2015",
	volume    =   "",
	number    =   "",
	pages     =   "235 - 243 ",
	month     =   "October
	note      =   ""
}




@comment{
  A book with an explicit publisher

  required fields: author XOR editor, title, publisher, year
  optional fields: volume XOR number, series, address, edition, month, note
}

@Book{HandboekBestaandeBouw,
  author    = "Chris van der Nat, Hans Schelvis, Lilian Tieman",
  editor    = "Gerard van Vliet",
  title     = "Bestaande bouw, Handboek Politiekeurmerk Veilig Wonen",
  publisher = "Centrum voor Criminaliteitspreventie en Veiligheid",
  year      = "2015",
  volume    = "",
  number    = "",
  series    = "",
  address   = "",
  edition   = "",
  month     = "december",
  note      = ""
}

@Book{,
	author    = "Zumtobel",
	editor    = ""
	title     = "The Lighting Handbook",
	publisher = "Zumtobel",
	year      = "2017",
	volume    = "",
	number    = "",
	series    = "",
	address   = "",
	edition   = "5th edition",
	month     = "July",
	note      = ""
}



@comment{
  A work that is printed and bound, but without a named publisher or sponsoring institution
                                                                                                                                                             
  required fields: title
  optional fields: author, howpublished, address, month, year, note
}
                                                                                                                                                             
@Booklet{,
  title        = "",
  author       = "",
  howpublished = "",
  address      = "",
  month        = "",
  year         = "",
  note         = ""
}

@comment{
  The same as inproceedings, included for scribe compatability

  required fields: author, title, booktitle, year
  optional fields: editor, volume XOR number, series, pages, address, month, organization, publisher, note
}
                                                                                                                                                             
@Conference{,
  author       =   "",
  title        =   "",
  booktitle    =   "",
  year         =   "",
  editor       =   "",
  volume       =   "",
  number       =   "",
  series       =   "",
  pages        =   "",
  address      =   "",
  month        =   "",
  organization =   "",
  publisher    =   "",
  note         =   ""
}

@comment{
  A part of a book, which may be a chapter (or section or whatever) and/or a range of pages

  required fields: author XOR editor, title, chapter and/or pages, publisher, year
  optional fields: volume XOR number, series, type, address, edition, month, note
}

@InBook{Advances_In_Optical_Communication,
  author    =   "Oswaldo González, Marcos F. Guerra Medina and Inocencio R. Martín",
  editor    =   "Dr. Narottam Das",
  title     =   "Advances in Optical Communication",
  chapter   =   "Multi-User Visible Light Communications",
  pages     =   "36-62",
  publisher =   "InTech",
  year      =   "2014",
  volume    =   "",
  number    =   "",
  series    =   "",
  type      =   "",
  address   =   "",
  edition   =   "",
  month     =   "November",
  note      =   ""
}

@InBook{Confidence_interval,
	author    =   "F.M. Dekking, C. Kraaikamp, H.P. Lopuhaä, L.E. Meester",
	editor    =   "",
	title     =   "A modern introduction to probability and statistics",
	chapter   =   "Confidence intervals for the mean",
	pages     =   "341-360",
	publisher =   "Springer",
	year      =   "2014",
	volume    =   "",
	number    =   "",
	series    =   "",
	type      =   "",
	address   =   "",
	edition   =   "",
	month     =   "",
	note      =   ""
}


@comment{
  A part of a book having its own title

  required fields: author, title, booktitle, publisher, year
  optional fields: editor, volume XOR number, series, type, chapter, pages, address, edition, month, note
}

@InCollection{lichthandbuch,
  author       = "Zumtobel",
  title        = "The Lighting Handbook",
  booktitle    = "You concise reference book",
  publisher    = "Zumtobel",
  year         = "2017",
  editor       = "",
  volume       = "",
  number       = "",
  series       = "",
  type         = "",
  chapter      = "",
  pages        = "",
  address      = "Schweizer Strasse 30, 6851 Dornbirn, AUSTRIA",
  edition      = "5th",
  month        = "",
  note         = ""
}

@comment{
  An article in a conference proceedings

  required fields: author, title, booktitle, year
  optional fields: editor, volume XOR number, series, pages, address, month, organization, publisher, note
}

@InProceedings{,
  author       =   "",
  title        =   "",
  booktitle    =   "",
  year         =   "",
  editor       =   "",
  volume       =   "",
  number       =   "",
  series       =   "",
  pages        =   "",
  address      =   "",
  month        =   "",
  organization =   "",
  publisher    =   "",
  note         =   ""
}

@comment{
  Technical documentation

  required fields: title
  optional fields: author, organization, address, edition, month, year, note
}

@Manual{LuxMeter,
  title        = "MS8229, Digital multimeter operation manual",
  author       = "",
  organization = "Mastech",
  address      = "",
  edition      = "",
  month        = "",
  year         = "",
  note         = ""
}

@comment{
  Use this type when nothing else fits

  required fields: -
  optional fields: author, title, howpublished, month, year, note

  key can be used as a sorting criterion
}

@Misc{tvilight,
  key           = "tvilight",
  author        = "TVI light",
  title         = "www.tvilight.com/citysense",
  howpublished  = "",
  month         = "",
  year          = "",
  note          = ""
}

@Misc{wiki_std,
	key           = "wiki",
	author        = "Wikipedia",
	title         = "https://en.wikipedia.org/wiki/Standard_deviation",
	howpublished  = "",
	month         = "",
	year          = "",
	note          = ""
}

@Misc{aliassing,
	key           = "NI",
	author        = "National instruments",
	title         = "http://www.ni.com/white-paper/3000/en",
	howpublished  = "",
	month         = "",
	year          = "",
	note          = ""
}

@Misc{randomsum,
	key           = "wikia",
	author        = "Wikipedia",
	title         = "https://en.wikipedia.org/wiki/Sum_of_normally_distributed_random_variables",
	howpublished  = "",
	month         = "",
	year          = "",
	note          = ""
}

@Misc{3reflections,
	key           = "3reflections",
	author        = "Marilyne Andersen",
	title         = "Types of Reflection",
	howpublished  = "https://www.flickr.com/photos/mitopencourseware/4815499473/",
	month         = "",
	year          = "",
	note          = ""
}

@Misc{lamptest,
	key           = "Lamptest.ru",
	author        = "",
	title         = "IKEA 702.880.22 LED1336R4",
	howpublished  = "http://lamptest.ru/review/ikea-70288022-led1336r4/",
	month         = "",
	year          = "",
	note          = ""
}

@Misc{ArduinoUno,
	key           = "ArduinoUno",
	author        = "",
	title         = "Arduino.cc",
	howpublished  = "https://store.arduino.cc/arduino-uno-rev3",
	month         = "",
	year          = "",
	note          = ""
}




@comment{
  A Master's thesis

  required fields: author, title, school, year
  optional fields: type, address, month, note
}

@MastersThesis{JakesWork,
  author    =   "Junwei Zhang",
  title     =   "Passive Localization with Visible Light",
  school    =   "TU Delft",
  year      =   "2016",
  type      =   "{MSc thesis}",
  address   =   "",
  month     =   "9",
  note      =   ""
}

@comment{
  A PhD thesis

  required fields: author, title, school, year
  optional fields: type, address, month, note
}

@PhDThesis{,
  author    =   "",
  title     =   "",
  school    =   "",
  year      =   "",
  type      =   "{PhD thesis}",
  address   =   "",
  month     =   "",
  note      =   ""
}

@comment{
  The proceedings of a conference

  required fields: title, year
  optional fields: editor, volume XOR number, series, address, month, organization, publisher, note
}

@Proceedings{,
  title        =    "",
  year         =    "",
  editor       =    "",
  volume       =    "",
  number       =    "",
  series       =    "",
  address      =    "",
  month        =    "",
  organization =    "",
  publisher    =    "",
  note         =    ""
}

@comment{
  A report published by a school or other institution, usually numbered with a series

  required fields: author, title, institution, year
  optional fields: type, number, address, month, note
}

@TechReport{Albedo,
  author      =  "H. Taha, D. Sailor, H. Akbari",
  title       =  "High-albedo materials for reducing building cooling energy use",
  institution =  "Lawrence Berkeley Lab., CA (United States)",
  year        =  "1992",
  type        =  "",
  number      =  "",
  address     =  "",
  month       =  "January",
  note        =  ""
}

@TechReport{LED_on,
	author      =  "H. Halbritter",
	title       =  "High-Speed Switching of IR-LEDs (Part I) - Background and Datasheet Definition",
	institution =  "OSRAM, Opto Semiconductors",
	year        =  "2014",
	type        =  "",
	number      =  "",
	address     =  "",
	month       =  "March",
	note        =  ""
}



@comment{
  A document having an author and title, but not formally published

  required fields: author, title, note
  optional fields: month, year
}

@UnPublished{,
  author  = "",
  title   = "",
  note    = "",
  month   = "",
  year    = ""
}

